% ---------------------------------------------------------------------------------------
% Add references in this document
% For more information about different kinds of references go to:
% https://en.wikibooks.org/wiki/LaTeX/Bibliography_Management#BibTeX
% ---------------------------------------------------------------------------------------

% ---------------------------------------------------------------------------------------
% Datasheets
% ---------------------------------------------------------------------------------------

@manual{LT8300,
	title = "LT8300",
	author = "Linear Technology",
	year = "----",	
	note = "Bilag: LT8300.pdf"
}

@manual{CAN,
	title = "SN65HVD1040 Low-Power CAN bus Transceiver",
	author = "Texas instruments",
	year = "2015",	
	note = "Bilag: SN65HVD1040.pdf"
}

@manual{IRFB7530,
	title = "IRFB7530",
	author = "International Rectifier",
	year = "2013",	
	note = "Bilag: IRFB7530(Power MOSFET).pdf"
}