
@misc{GherkinDescription,
	author = {{cucumber}}, 
    title     	= "Gherkin",
	url 		= "https://cucumber.io/docs/reference"
}