% ---------------------------------------------------------------------------------------
% Add references in this document
% For more information about different kinds of references go to:
% https://en.wikibooks.org/wiki/LaTeX/Bibliography_Management#BibTeX
% ---------------------------------------------------------------------------------------

@techreport{BMSDocumentation,
	author = "Jonas Nyborg",
	title = "Propulsion Battery and Battery Management System - Project Documentation",
	institution = "Aarhus University School of Engineering",
	year = "2013"
	note = "Appendix: PROJECT DOCUMENTATION.pdf"
}

@techreport{BAC_zenith33,
	author = "Dan V. Thomsen and Kenneth H. Nissen",
	title = "Optimering af drivlinje",
	institution = "AU IHA",
	year = "2013",
}

% ---------------------------------------------------------------------------------------
% Datasheets
% ---------------------------------------------------------------------------------------

@manual{Joulemeter,
	title = "Shell journal",
	author = "SEM",
	year = "2012",	
	note = "Appendix: Shell Journal 2012.pdf"
}

@manual{BMSAVRCAN,
	title = "AVR-CAN development board 
Users Manual",
	author = "OLIMEX",
	year = "2010",	
	note = "Appendix: AVR-CAN.pdf"
}

@manual{BMSDCDC,
	title = "DC/DC Converters
TMR 2E Series, 2 Watt",
	author = "TRACO POWER",
	year = "2016",	
	note = "Appendix: datasheet for DC-DC TMR-2-4810E.pdf"
}

@manual{BMSBattIC,
	title = "3 to 6 Series Cell Lithium-Ion Battery Monitor and Secondary Protection IC for EV and
HEV Applications",
	author = "Texas Instruments",
	year = "2011",	
	note = "Appendix: bq76PL536A-Q1 datasheet.pdf"
}

@manual{ShellRequirements,
	title = "SHELL ECO-MARATHON 2016 OFFICIAL RULES CHAPTER I",
	author = "SEM",
	year = "2016",	
	note = "Appendix: sem-2016-global-rules-chapter1-010715.pdf"
}

@manual{BMSBatteryTest,
	title = "Battery cell type test",
	author = "Jonas Nyborg",
	year = "2013",	
	note = "Appendix: Battery cell type test.pdf"
}

@manual{CAN,
	title = "SN65HVD1040 Low-Power CAN bus Transceiver",
	author = "Texas instruments",
	year = "2015",	
	note = "Appendix: SN65HVD1040.pdf"
}

@manual{KPEG500,
	title = "KPEG500",
	author = "Kingstate",
	year = "2005",	
	note = "Appendix: KPEG500.pdf"
}

@manual{KTG1205,
	title = "KTG1205",
	author = "Kingstate",
	year = "2010",	
	note = "Appendix: KTG1205.pdf"
}

@manual{KTG1205,
	title = "KTG1205",
	author = "Kingstate",
	year = "2010",	
	note = "Appendix: KTG1205.pdf"
}

@manual{LT8300,
	title = "LT8300",
	author = "Linear Technology",
	year = "----",	
	note = "Appendix: LT8300.pdf"
}

@manual{TLE4905,
	title = "TLE49X5L",
	author = "Infineon technologies",
	year = "2007",	
	note = "Appendix: TLE49X5L.pdf"
}

@manual{BK2250,
	title = "Hand Held Analyzer Types 2250 and 2270",
	author = "Bruel and Kj√¶r",
	year = "",	
	note = {Appendix: BK\_type2250.pdf}
}

@manual{PSoC5,
	title = "PSoC 5LP prototyping kit guide",
	author = "Cypress Perform",
	year = "",	
	note = "Appendix: PSoC 5LP Protoyping Kit Guide.pdf"
}

@manual{BSX20,
	title = "BSX20",
	author = "Discrete semiconduccters",
	year = "1997",	
	note = "Appendix: BSX20.pdf"
}

@manual{MBR20200,
	title = "MBR20200CT",
	author = "On semiconducter",
	year = "2014",	
	note = "Appendix: MBR20200.pdf"
}

@manual{DC-Motor,
	title = "370355",
	author = "Maxon Motors",
	year = "2012",	
	note = "Appendix: DC-motor.pdf"
}

@manual{IRFB7530,
	title = "IRFB7530",
	author = "International Rectifier",
	year = "2013",	
	note = "Appendix: IRFB7530(Power MOSFET).pdf"
}

@manual{MCP1407,
	title = "MCP1406/07",
	author = "Microchip",
	year = "2012",	
	note = "Appendix: MCP1407.pdf"
}

@manual{BMSRelay,
	title = "HE RELAYS (HE1aN-S-DC48V)",
	author = "Panasonic Electric Works",
	year = "",	
	note = "Appendix: HE Relays TV-10,15(HE1aN-S-DC48V).pdf"
}

@manual{BMS_FRAM,
	title = "FM25W256",
	author = "Cypress Perform",
	year = "2013",	
	note = "Bilag: FRAM-FM25W256.pdf"
}

@online{CAN-Connection,
	author = "",
	title = "CAN\_BUS",
	url = "https://en.wikipedia.org/wiki/CAN_bus#Layers",
	note = "Last Visited d. 24/5-2016",
}

@online{IsolationSwitchOnline,
	author = "",
	title = "SPST-NO PCB Mount Non-Latching Relay Screw, 30 A, 48V dc",
	url = "http://uk.rs-online.com/web/p/non-latching-relays/6995676/",
	note = "Last visited 21/05-2016",
}

@online{OptoIllu,
	author = "",
	title = "Optocoupler Illustration",
	url = "https://commons.wikimedia.org/wiki/File:Optocoupler.svg",
	note = "Last visited 22/05-2016",
}
